<?xml version="1.0" encoding="UTF-8"?><collection xmlns="http://www.loc.gov/MARC21/slim"><record><leader>00644nam--2200181-i-4500</leader><controlfield tag="001">000046724</controlfield><controlfield tag="002">20161230</controlfield><controlfield tag="005">20170110225422</controlfield><controlfield tag="008">060222s1000------------r-----000-0-fre-d</controlfield><datafield ind1=" " ind2=" " tag="040"><subfield code="a">IFIN-HH</subfield></datafield><datafield ind1=" " ind2=" " tag="041"><subfield code="a">fre</subfield></datafield><datafield ind1=" " ind2=" " tag="080"><subfield code="a">537.226:661.183.1(043)</subfield></datafield><datafield ind1="1" ind2=" " tag="100"><subfield code="a">Wacrenier, Jean-Marie</subfield></datafield><datafield ind1="1" ind2="0" tag="245"><subfield code="a">Contribution a l`etude de nouveaux modeles theoriques pour l`interpretation de la relaxation dielectrique dans les solides. Application aux zeolithes synthetiques</subfield><subfield code="b">These</subfield><subfield code="c">Jean-Marie Wacrenier</subfield></datafield><datafield ind1=" " ind2=" " tag="260"><subfield code="a">Lille</subfield><subfield code="b">Universite De Sciences Et Techniques De Lille</subfield><subfield code="c">1975</subfield></datafield><datafield ind1=" " ind2=" " tag="300"><subfield code="a">146 p</subfield></datafield><datafield ind1=" " ind2=" " tag="852"><subfield code="a">44103</subfield><subfield code="c">537.226</subfield></datafield><datafield ind1=" " ind2=" " tag="CAT"><subfield code="a">SYS</subfield><subfield code="c">20170110</subfield><subfield code="h">225422</subfield></datafield></record></collection>